@inproceedings{Welsh:2001:SAW:502034.502057,
 author = {Welsh, Matt and Culler, David and Brewer, Eric},
 title = {SEDA: An Architecture for Well-conditioned, Scalable Internet Services},
 booktitle = {Proceedings of the Eighteenth ACM Symposium on Operating Systems Principles},
 series = {SOSP '01},
 year = {2001},
 isbn = {1-58113-389-8},
 location = {Banff, Alberta, Canada},
 pages = {230--243},
 numpages = {14},
 url = {http://doi.acm.org/10.1145/502034.502057},
 doi = {10.1145/502034.502057},
 acmid = {502057},
 publisher = {ACM},
 address = {New York, NY, USA},
}

@ARTICLE{Kleinberg98authoritativesources,
    author = {Jon M. Kleinberg},
    title = {Authoritative Sources in a Hyperlinked Environment},
    journal = {Journal of the ACM},
    year = {1998},
    volume = {46},
    pages = {668--677}
}

@MISC{Page98thepagerank,
    author = {Larry Page and Sergey Brin and R. Motwani and T. Winograd},
    title = {The PageRank Citation Ranking: Bringing Order to the Web},
    year = {1998}
}

@inproceedings{graphEngine,
author = {Shao, Bin and Wang, Haixun and Li, Yatao},
year = {2013},
month = {06},
pages = {505-516},
title = {Trinity: A distributed graph engine on a memory cloud},
journal = {Proceedings of the ACM SIGMOD International Conference on Management of Data},
doi = {10.1145/2463676.2467799}
}

@article{De_Domenico_2014,
   title={MuxViz: a tool for multilayer analysis and visualization of networks},
   volume={3},
   ISSN={2051-1329},
   url={http://dx.doi.org/10.1093/comnet/cnu038},
   DOI={10.1093/comnet/cnu038},
   number={2},
   journal={Journal of Complex Networks},
   publisher={Oxford University Press (OUP)},
   author={De Domenico, M. and Porter, M. A. and Arenas, A.},
   year={2014},
   month={Oct},
   pages={159–176}
}

@article{article,
author = {De Domenico, Manlio and Solè-Ribalta, Albert and Cozzo, Emanuele and Kivelä, Mikko and Moreno, Yamir and Porter, Mason and Gomez, Sergio and Arenas, Alex},
year = {2013},
month = {07},
pages = {},
title = {Mathematical Formulation of Multi-Layer Networks},
volume = {3},
journal = {Physical Review X},
doi = {10.1103/PhysRevX.3.041022}
}
